2616 4366
292 354 528 427 Cnnrsro
564 355 834 428 enascens·
966 371 1008 440 ις

154 461 193 519 ’1.
216 445 332 534 Claros
341 466 507 538 portatum
526 445 661 517 civitatis
671 438 906 535 Antverpiensrs
919 460 1009 514 erunt
1061 434 1159 503 Anno

115 535 319 612 inmanibus
346 537 497 626 Principis
523 533 658 627 Orangii
687 531 872 601 &Comitis
888 532 1005 622 Hoog·
1067 535 1166 613 1567.

116 623 254 698 stratoni.
333 661 337 671 ·
1047 680 1053 693 .

160 737 192 786 a.
216 715 253 782 Vi
276 713 336 785 iliae
367 635 579 783 &suuntur
616 709 708 781 simul
760 733 816 803 per
853 707 938 779 cives
972 713 1005 778 &
1019 683 1200 808 {32¹¹le-

116 826 174 894 per
214 737 324 872 milites
356 801 579 882 domesticos,
616 808 649 870 δι
683 803 766 872 cives
798 799 1010 873 nominabunt
1025 797 1198 886 sffnsenviais·

117 893 307 984 capitaneos
322 891 385 979 ⁸seli
408 893 506 961 endos
531 913 587 983 per,
608 889 799 982 Oran'gium.
992 886 1066 960 ,¹¹¹¹
1200 927 1202 932 ·

165 1005 196 1070 3.
224 981 296 1049 Hac
324 1004 367 1050 no
402 1007 419 1049 e
446 981 530 1048 cives
558 999 679 1073 ponent
701 979 788 1054 mille
813 979 1015 1057 ducentosmt

116 1071 237 1140 civibus
249 1068 291 1136 ad
304 1069 531 1138 conservandas
545 1089 652 1162 portas
662 1075 695 1137 δι
708 1092 724 1134 r
763 1070 849 1136 iones
862 1067 1017 1148 civitatis,

121 1181 160 1228 ac
184 1160 360 1228 adomnia
384 1199 396 1236 ‚
428 1182 499 1246 quae
520 1179 711 1244 concernunt
749 1158 895 1226 ervisium
916 1157 1014 1248 Regis

119 1254 151 1316 δι
166 1249 293 1315 bonum
321 1247 465 1318 civitatis.
795 1315 802 1330 ,

130 1401 134 1408 .
165 1361 198 1424 4.
222 1335 424 1428 Magistratus
444 1345 508 1406 non
531 1337 675 1407 admittet
697 1334 878 1429 praesidium
903 1334 1019 1408 milita·
1104 1329 1107 1336 ’

119 1449 153 1528 re
176 1425 404 1528 qualecumque
428 1423 489 1504 saue
515 1429 666 1498 consensu
689 1425 839 1496 universae
866 1446 1017 1500 commu·

121 1533 237 1583 nitatis.

119 1663 126 1681 ,
170 1623 199 1688 5.
225 1601 322 1684 Cives
353 1599 410 1686 ¹sub
435 1599 615 1690 juramento
652 1597 759 1671 fideles
785 1621 877 1670 erunt
899 1603 1017 1694 Regi,

121 1691 240 1770 civitati
264 1689 443 1760 &civibus
469 1692 512 1757 ad
540 1691 754 1760 conservanda
775 1690 938 1782 privilegia
962 1714 1024 1762 eos

121 1803 194 1859 rum
220 1820 233 1858 ‚
271 1797 412 1848 notanter
433 1778 513 1846 Laeti
540 1775 699 1870 ingrellirs.
1021 1829 1024 1839 .

166 1877 197 1937 6.
221 1868 342 1938 Omnia
372 1867 522 1958 praedidia
544 1885 634 1938 erunt
663 1865 725 1935 stne
755 1865 942 1960 ptaejudicio
965 1882 1022 1944 aut

59 2016 72 2038 ,
119 1958 343 2028 imminutione
390 1955 613 2040 contradiuum
640 1971 642 1978 ’
665 1958 815 2036 initorum
857 1957 889 2026 in
926 1956 1026 2034 causa

121 2043 304 2140 Religionis.
351 2045 393 2115 Et
427 2046 536 2113 omnia
561 2068 600 2114 eo
622 2045 671 2114 die
698 2047 824 2138 peradia
846 2043 1019 2120 censebun-

120 2156 172 2218 tur
195 2138 263 2207 adia
284 2158 345 2229 pro
372 2136 606 2208 conservatione
630 2136 772 2206 civitatis.

168 2224 296 2295 Interim
323 2226 362 2294 nd
379 2223 513 2293 seditiosi
537 2266 550 2306 ,
573 2243 672 2316 prout
697 2225 929 2303 indicaverant,
957 2247 1016 2296 cu·-

121 2315 201 2394 tiam
245 2315 460 2390 invaderent,
497 2311 632 2382 Senatus
666 2336 736 2381 eam
773 2315 930 2382 munierat
963 2335 1018 2383 ar·

121 2404 216 2484 matis
246 2446 259 2482 ,
298 2409 331 2470 &
367 2403 398 2468 in
437 2405 511 2470 foro
546 2401 693 2496 posuerat
729 2402 834 2493 plures
868 2400 1017 2470 cohortes

121 2491 261 2576 militum
291 2489 541 2560 domesticorum
565 2534 577 2572 ‚
613 2514 727 2560 eorum
751 2511 868 2583 nempe
891 2491 947 2578 qui
971 2490 1018 2558 ci·

120 2583 211 2653 vitati
243 2579 349 2655 fideles
377 2579 589 2650 manserant:
615 2601 690 2648 nam
716 2579 811 2668 aliqui
834 2574 943 2670 politis
964 2600 1015 2647 ar·

122 2672 214 2736 matis
239 2667 418 2745 transierant
442 2668 484 2738 ad
512 2667 674 2738 seditiosos
696 2669 729 2736 in
754 2687 853 2762 ponte
863 2688 1017 2751 metatio,

124 2759 179 2846 qui
203 2757 347 2848 deinceps
370 2759 472 2847 puniti
491 2757 574 2828 sunt.
1033 2801 1039 2833 ;

173 2845 345 2920 Praedidius
369 2864 475 2924 autern
499 2843 692 2925 Tradimus,
715 2867 790 2914 cum
811 2845 920 2914 relatus
946 2841 1018 2914 esset
1034 2892 1118 2946 „affl
1146 2905 1216 2942 eron

123 2935 166 3004 ad
206 2955 338 3025 pontem
380 2933 557 3002 Meranum
597 2941 629 3004 &
652 2932 800 3006 seditiosis
826 2934 991 3026 praeledlus
1003 2977 1015 3014 ‚
1036 2904 1213 3034 ,praecantant-

122 3048 189 3110 npn
218 3022 339 3114 tantdm
363 3046 429 3106 nop
456 3021 601 3114 plaeuit,
620 3021 673 3092 sed
697 3030 730 3093 δι
757 3022 931 3116 plurimrlm
957 3021 1124 3092 dis-1¹⁰&
1290 3053 1291 3056 ¹

121 3115 242 3204 plicuit.
270 3113 462 3186 Clamabunt
485 3113 696 3192 unanimiter„
728 3114 758 3182 se
773 3113 851 3182 velle
864 3117 973 3183 locum
988 3116 1021 3182 in

123 3206 196 3270 soro
222 3229 234 3280 t
264 3199 354 3292 quod
380 3224 469 3290 aeque
497 3201 579 3286 cives
604 3200 697 3283 essent
730 3225 767 3272 ae
803 3203 913 3272 milites
960 3204 1023 3270 do·

122 3290 240 3370 melliti
269 3299 304 3360 δε
326 3291 378 3358 alii
390 3333 403 3371 ,
425 3288 479 3378 qui
508 3291 616 3368 fotum
644 3293 847 3384 occupabant
868 3296 901 3358 δι
916 3289 1022 3370 eusto-

123 3377 259 3468 diebant.
304 3381 399 3450 Unde
422 3377 595 3453 nullatenus
611 3381 704 3450 sedati
733 3379 800 3450 toti
813 3400 908 3452 nocte
934 3401 1048 3467 man·¹

121 3466 228 3552 serunt
256 3467 287 3534 in
312 3469 419 3548 armis.
728 3501 730 3506 ·
1098 3506 1139 3576 M
1187 3507 1205 3523 ··

170 3553 321 3636 Postridie
358 3557 452 3628 mand
491 3581 557 3628 non
594 3556 698 3630 minsis
730 3555 895 3628 furibundi
927 3553 1023 3638 quim
1040 3529 1097 3636 ,¹4
1140 3526 1220 3577 ω’

122 3645 225 3745 pridie
253 3686 265 3722 ‚
305 3639 525 3713 ecclefiallicos
552 3645 697 3750 expulsos
719 3648 906 3725 volebant..
929 3643 1024 3714 lnva-
1073 3662 1197 3712 rnvadunt

23 3727 27 3744 ι
121 3735 201 3824 iiiiii
229 3733 322 3827 Plura
346 3733 535 3806 monasteria
556 3778 570 3815 ‚
608 3737 877 3816 Minotaurum,
904 3733 1025 3802 Praedi.
1042 3724 1219 3840 &tigillis

880 3841 1024 3898 caiolum
1043 3849 1161 3919 stingum.
