2610 4370
183 453 187 460 .
278 377 823 480 Cnlcr's'ro'cnis'c'iuis
931 393 994 478 ’τὰς
1118 443 1123 452 .

95 487 222 558 ξρωαω
250 477 503 570 Amplitudinem
531 479 572 547 ad
596 479 660 548 boc
684 501 832 554 munus,
850 473 892 545 ad
912 477 995 550 ltunc
1063 465 1160 541 Almo

97 567 294 648 „honorem
330 574 362 636 δι
396 569 437 636 ad
472 569 576 658 prime
613 569 644 636 in
670 567 731 636 hac
755 567 844 636 Urbe
882 571 998 638 funda·
1066 579 1164 652 1570.

101 676 249 736 „mente
290 655 490 750 Episcopalia
528 657 669 746 jacienda
704 655 826 750 elegisse
857 661 891 726 δι
921 657 999 726 scle-

101 744 254 834 „gilie,
296 767 328 816 ut
364 770 435 834 quae
474 748 624 816 omnibus
657 745 755 816 animi
793 751 826 816 ilc
854 766 1004 828 naturae,

100 875 128 913 ‚,
141 836 308 911 scientim,
342 837 495 908 dodlrinae
529 842 561 908 δι
595 838 627 906 in
669 835 856 916 secularibus
903 855 998 926 atque

100 923 347 1005 „ecclesiasticis
370 928 497 1018 negotiis
528 925 663 996 solertiae
684 966 697 1003 ,
728 925 915 1015 reliquisque
936 929 999 996 do·

100 1054 130 1093 „
144 1015 256 1091 tibus,
293 1039 366 1102 ‘quae
393 1020 431 1084 ad
460 1015 542 1084 hanc
568 1017 750 1106 dignitatem
773 1017 1003 1104 requiruntur,

100 1099 178 1184 „fir
209 1123 320 1174 ornata
359 1124 452 1194 atque
500 1102 678 1196 insignita3
717 1104 807 1196 cujus
841 1105 999 1195 specimen

99 1192 227 1274 „dedit
249 1195 392 1264 anteadla
415 1194 481 1262 vita
505 1214 598 1282 atque
635 1194 743 1282 ardue
791 1191 1002 1264 ecclesiastice

100 1283 348 1362 „finnionem
384 1289 416 1352 &
454 1282 618 1375 postremo
651 1280 899 1355 Buscoducenlis
936 1283 1001 1355 Ec·

99 1369 223 1452 „clelia
249 1416 261 1451 ,
298 1373 349 1443 cui
383 1375 498 1442 Praesul
525 1373 621 1442 suilli.
1079 1437 1080 1442 ,

142 1463 396 1551 „Quapropter
418 1461 482 1530 huc
517 1457 734 1539 acceffimus‚
768 1480 804 1530 ut
840 1483 916 1531 cum
937 1463 1004 1544 'des

96 1550 242 1630 „debita
281 1572 319 1618 ac
346 1553 471 1617 summa
502 1553 673 1618 reverentia
710 1551 844 1620 obviam
873 1551 1002 1620 venien-

96 1658 221 1722 „tes‚
257 1639 434 1708 adventum
464 1639 758 1730 congratulemur,
793 1639 903 1708 Deum
931 1662 1001 1734 opt.

94 1769 123 1810 ,‚
139 1749 227 1796 max.
252 1745 395 1820 rogantes
426 1771 439 1808 ,
474 1747 509 1796 ut
530 1729 640 1796 omnia
667 1754 705 1796 ex
727 1747 810 1798 voto
833 1727 1003 1808 succedant

93 1819 175 1898 „ad
204 1811 407 1908 potentiffimi
435 1817 484 1888 Re
507 1817 530 1884 is
565 1815 714 1888 nostri&
737 1813 998 1890 reverendilsrmae

90 1905 364 1999 „Amplitudinis
398 1925 459 1978 tuae
484 1839 687 1987 imorem,
735 1902 910 1986 Civium',
943 1909 997 1978 ln·

94 1996 277 2078 „colatum
333 2018 370 2066 ac
417 1995 530 2088 populi
566 1995 695 2066 salutem
732 2038 746 2076 ,
793 1997 996 2090 Reipublicae

94 2127 120 2166 „
134 2086 270 2173 quierem
297 2088 514 2174 &publicam
540 2087 791 2175 tranquillitatem
815 2114 828 2164 ς
864 2087 996 2177 dequo

96 2175 295 2266 „optimam
337 2175 423 2266 spem
462 2179 667 2270 concepimus
694 2177 844 2269 exemplo
871 2177 998 2249 docti:
1045 2197 1048 2205 ’

92 2304 124 2344 ,,
138 2286 203 2332 non
215 2265 385 2336 dubitantes
398 2267 473 2353 quin
488 2261 745 2336 ,reverendillima
758 2287 813 2336 tua
827 2267 993 2372 Amplitu-

92 2354 180 2436 „do
203 2355 364 2448 Privilegia
389 2355 522 2426 civitatis
546 2353 565 2424 ὲ
586 2356 785 2446 Principibus
809 2354 922 2425 nostris
942 2355 994 2448 ju-

91 2485 121 2525 „
135 2462 203 2512 rata
245 2449 276 2512 8<
315 2441 526 2538 aproba'ta-‚
559 2467 617 2513 nec
647 2468 713 2513 non
753 2443 995 2516 Conventiones

93 2573 120 2613 ‚‚
135 2556 210 2602 curn
250 2556 314 2624 prae
338 2533 526 2604 cccslotibus
552 2533 646 2603 Rmis
682 2532 851 2689 Episcopo
876 2535 994 2604 Came·

93 2664 121 2704 2,
134 2621 311 2694 raccnsrbus
339 2624 428 2693 initas
454 2621 586 2692 firmiter
610 2620 647 2691 fit
668 2624 711 2691 ob
726 2642 880 2693 ervatura.
917 2625 994 2696 Nos

91 2753 119 2794 ‚‚
134 2707 267 2781 vicillim
291 2715 421 2802 publico
447 2713 515 2800 quo
541 2713 706 2806 fungimur
719 2708 853 2792 officio,
876 2737 913 2786 ac
926 2716 994 2808 pri.

92 2844 119 2885 ‚‚
133 2824 212 2872 vato
248 2805 380 2872 nomine
402 2797 567 2872 offerimus
592 2809 625 2869 oc
662 2802 854 2886 pollicemur
893 2829 992 2880 ornnc
1022 2873 1025 2879 ,

91 2934 118 2974 2,
129 2892 359 2982 obsequium,
407 2891 498 2980 quod
534 2889 706 2964 catholicus
752 2891 993 2984 Magistratus,

86 3004 326 3072 „omnemque
360 2983 572 3050 obedientiam
597 3003 739 3070 ,nquam
776 2980 850 3070 pius
882 2983 991 3056 subdi-

89 3092 179 3154 „tus
206 3075 266 3144 luo
306 3071 436 3142 Praeluli
473 3091 517 3142 ac'
545 3073 628 3142 Petri
661 3069 812 3164 spirituali
846 3075 988 3145 exhibere

87 3168 161 3244 „dc
184 3161 331 3256 praestate
350 3181 480 3234 tenetur.
493 3165 513 3192 ⁰
650 3212 652 3214 -
730 3178 742 3208 ‘-

136 3249 222 3320 Post'
248 3251 317 3340 haec
346 3254 375 3321 E
401 3252 526 3346 iscopus
558 3253 643 3324 Cleri
670 3253 817 3324 ordinem
841 3255 989 3326 claudens

87 3339 235 3426 sequente
271 3341 362 3433 Magi
391 3363 458 3413 tatu
489 3352 551 3416 &o
583 3343 697 3414 dudus
726 3342 770 3412 est
802 3345 844 3412 ad
874 3345 987 3420 liccle-

89 3428 171 3500 fiam
197 3427 418 3520 ‘cathedralem
445 3433 547 3510 ,lubi
581 3433 795 3504 solemnitatcs'
823 3435 990 3528 praescrip-

88 3538 131 3590 tae
154 3519 187 3586 in
213 3513 472 3590 Instructionibus
492 3521 665 3595 observatae
684 3525 771 3594 lunt.
795 3539 797 3544 '
985 3521 986 3539 ¹

136 3607 235 3677 Ordo
258 3604 309 3679 hic
332 3611 463 3678 obviam
491 3614 584 3680 eundi
610 3610 872 3683 &introducendi
894 3606 988 3704 Epis·

64 3720 212 3791 ,copum
253 3720 310 3797 per
335 3697 481 3771 ,Clerum
514 3706 547 3771 δι
577 3699 726 3774 Senatum
741 3731 742 3736 ¹
756 3698 905 3774 hactenns
924 3705 987 3771 ob·

89 3787 266 3866 servatur:
294 3785 351 3860 nili
387 3785 477 3880 duod
512 3790 667 3884 amplibc'
687 3814 756 3861 non
795 3791 991 3943 procedam}

949 3899 969 3946 a
