2616 4366
294 321 832 458 dunrsrocnrrenua.
955 389 1001 459 43

12 491 14 538 l
155 468 297 547 Rescivit
315 469 379 537 hoc
398 469 468 559 iplo
494 468 553 536 die
566 463 808 539 Wesembeke‚
840 458 1004 550 qui'tnul·
1063 449 1163 522 Anno

12 605 13 610 κ
52 635 54 646 ,
114 579 186 632 tum
222 559 344 629 territus
372 557 405 624 id
433 555 585 628 indicavit
608 553 755 646 Orangio
783 549 1001 623 Gubernatori
1069 552 1167 628 1567.

116 656 152 720 δι
178 649 230 716 dle
255 648 339 718 lune
373 646 559 737 collegio,
594 647 648 733 qui
674 665 785 712 omnes
804 637 1002 709 affirmabant
1050 624 1199 735 neptis·

114 737 149 806 se
173 735 250 806 nihil
275 737 313 804 de
335 759 371 806 ea
399 760 432 810 re
464 735 540 805 scire
555 738 610 810 3&
632 730 860 808 commendans
886 725 1005 802 senatui
1020 725 1102 788 rugit.

116 826 244 896 causant
290 825 379 904 suam
403 831 436 893 dc
461 825 733 917 probitionem,
767 817 920 896 indicavit
952 813 1009 898 sibl
1176 830 1178 834 ’

117 913 351 987 consulendum
382 912 444 984 else
477 937 534 1005 per
563 915 714 1008 sugam,
748 909 837 1000 quod
871 906 944 990 fecit
961 905 1009 996 see
1078 957 1080 970 .

117 1003 224 1091 cunda
244 1001 318 1097 post
339 1003 415 1079 die,
446 1003 480 1072 id
501 1001 556 1090 est*
570 1011 634 1084 9.'a
658 1001 732 1070 rilir.
1067 1059 1091 1114 ,b

169 1095 222 1162 18.
245 1091 361 1186 Aprilis
399 1115 438 1162 ex
476 1091 551 1162 loco
584 1115 617 1159 te
653 1091 696 1184 gii
719 1087 825 1158 scribit
844 1083 1009 1179 epistolam
1026 1062 1203 1194 m&

128 1183 169 1252 ad
194 1181 343 1252 Senatum
380 1178 676 1275 Antverpiensem‚
708 1178 741 1248 in
777 1199 840 1266 qua
874 1173 1010 1245 exaltans
1026 1208 1092 1256 tun.
1193 1175 1198 1185 ’

116 1271 280 1342 seruitium
311 1270 405 1342 snum
440 1277 474 1340 &
509 1268 641 1340 asserens
673 1269 706 1338 se
730 1265 809 1336 nihil
836 1261 929 1360 egisse
954 1259 1012 1331 nili

121 1359 162 1430 de
194 1358 351 1430 mandato
383 1357 614 1432 Gubernatoris
648 1365 681 1428 &
715 1353 845 1428 Senatds
884 1353 1014 1443 requirit

120 1447 197 1518 scire
216 1449 341 1520 causam
367 1487 380 1526 ‚
407 1471 504 1536 quare
523 1448 621 1517 velint
639 1448 745 1538 ipsum
768 1441 1015 1538 apprehendere.

121 1535 242 1612 Iterum
283 1536 416 1624 desuper
439 1533 592 1625 scripsrte
618 1535 721 1626 istolaa
747 1547 798 1608 16.
810 1555 887 1623 may
910 1573 923 1613 ‚
963 1533 1036 1608 184·

121 1624 201 1716 junii
227 1631 259 1694 δι
285 1648 315 1712 3.
330 1623 433 1712 iulii,
467 1622 521 1698 sed
550 1557 734 1715 relbonsum
769 1644 835 1691 nor.
867 1620 1017 1716 obtinuit.

167 1713 213 1784 Ita
237 1715 329 1780 refert
350 1713 488 1804 ipsemet
502 1711 711 1780 Wesembelte
736 1712 770 1780 in
790 1711 850 1798 fua
865 1705 1016 1804 jtplifica·

124 1802 272 1872 aioncvut
315 1819 440 1870 manno
457 1813 574 1886 1569„
593 1800 734 1890 adcujus
746 1800 863 1870 calcem
875 1799 1016 1867 referun·

122 1910 173 1961 tur
186 1823 320 1962 exenii
330 1889 555 1982 praedidiatum
565 1889 768 1963 Litterarum.
800 1887 878 1958 Hoc
891 1887 1014 1963 fanum

124 2003 194 2048 non
232 1977 348 2073 partlm
389 1978 477 2048 auxit
519 1977 801 2054 consternationem
836 1975 1016 2068 calvinistae

122 2091 224 2148 rum,
264 2070 337 2158 quia
362 2065 506 2222 ipsorum
526 2070 659 2152 intimus*
680 2069 789 2138 fautor
812 2069 926 2137 fuerat.
1047 2097 1211 2168 „wrm

173 2168 276 2227 Antve
316 2159 365 2226 ien
379 2182 410 2226 es
449 2180 507 2240 per
543 2158 707 2249 deputatas
722 2157 796 2228 suos
821 2156 863 2224 ad
883 2155 1014 2248 respon·
1035 2167 1070 2218 ses
1090 2166 1192 2229 retrot-

126 2246 198 2316 sutn
237 2246 273 2315 G
336 2246 476 2316 matricis
510 2245 721 2339 reposuerunt
756 2243 866 2333 quinti
887 2245 991 2349 aprilis
1006 2284 1018 2323 ,
1035 2229 1208 2350 fficffh‘*

127 2334 218 2424 quod
254 2335 402 2404 inhibitio
438 2335 565 2427 Regia,
606 2357 705 2424 quam
727 2335 886 2407 indicabat
909 2376 921 2413 ‚
948 2355 1016 2401 non

128 2422 181 2492 res
198 2425 291 2494 iceret
313 2424 471 2495 civitatem
496 2423 756 2515 Antverpiensem
776 2421 854 2512 (rifi
880 2423 950 2492 Rex
974 2417 1017 2493 lic

128 2447 223 2583 velet
232 2516 247 2598 l
267 2515 343 2601 quia
365 2555 377 2592 ,
400 2513 557 2603 'inquiunt
581 2553 595 2592 ,
630 2535 695 2581 non
718 2511 931 2607 comperietur
952 2509 1022 2582 dic,-

129 2619 195 2670 tanr
219 2603 377 2671 civitatem
403 2623 545 2692 unquam
568 2599 765 2690 deliquisse,
793 2617 850 2678 aut
871 2599 1019 2680 rebellem

131 2689 185 2757 vel
208 2690 436 2760 inobedientem
474 2689 667 2786 fuilserRegi
692 2717 703 2776 ,ff
730 2681 783 2760 sed
806 2691 929 2784 semper
947 2713 1021 2784 pen·

127 2776 281 2848 severasse
318 2778 350 2845 in
390 2775 572 2856 fidelitate,
600 2781 719 2869 inqua
744 2777 893 2850 bedentis
918 2779 1020 2848 inten-

131 2869 179 2938 dit
219 2865 425 2959 perseverare.
475 2868 579 2954 Quod
605 2890 671 2938 non
691 2866 834 2958 petierint
857 2867 1023 2944 condona·-

131 2959 258 3028 tionenu
276 2979 339 3048 pro
369 2979 507 3044 corpore
530 2953 661 3028 civitatis
687 2975 742 3027 ant
769 2978 831 3048 pro
855 2957 948 3049 praeci
976 2953 1024 3032 uls

25 3075 26 3080 ¹
131 3047 284 3116 membris
322 3043 497 3136 ejusdem3
529 3044 582 3116 sed
607 3045 726 3116 tannim
750 2979 1025 3150 proquibusdam

130 3135 406 3228 pertinebimus,
440 3133 479 3208 nd
511 3133 542 3205 se
580 3159 652 3205 reos
682 3135 878 3218 sentientes,
914 3137 1025 3230 despe-

132 3225 253 3294 ratione
284 3227 351 3296 etti
390 3225 548 3298 civitatem
591 3225 670 3297 ultrei
706 3226 867 3296 turbarent
891 3252 903 3304 3
928 3233 960 3295 δι
985 3225 1025 3296 ni
1114 3297 1118 3308 ,

134 3315 288 3418 peregrini
318 3334 506 3384 mercatores
531 3315 565 3386 id
587 3316 752 3394 timentes,
772 3315 804 3382 in
827 3315 952 3402 ruinam
973 3315 1026 3383 ci·

134 3401 282 3471 vitatis&
307 3404 442 3494 patria,
467 3403 659 3475 discederent
684 3445 697 3484 ,
725 3421 822 3496 prout
836 3402 903 3492 jam
927 3403 1025 3490 aliqui

133 3487 324 3559 decesserant
353 3499 386 3562 δε
411 3493 514 3584 plures
539 3489 697 3564 decessum
728 3494 892 3588 parabant.
915 3491 1022 3574 Quod

133 3575 395 3672 erubernatrix
428 3582 546 3668 judicet
580 3584 739 3652 civitatem
762 3579 1024 3671 Antverpiensem

136 3666 367 3762 comprehendi
404 3669 438 3736 in
475 3670 559 3740 diua
579 3715 586 3726 ·
609 3671 793 3742 inhibitione
811 3674 967 3761 ‚petunt
988 3677 1024 3742 ut

127 3778 198 3870 pro
227 3757 477 3846 conservatione
497 3760 664 3843 civitatis,
697 3761 919 3862 interpretetur·
938 3763 974 3926 ᾗ
990 3761 1025 3868 in

841 3865 940 3954 partic
976 3870 1024 3936 art
1146 3919 1151 3932 ,
