2616 4366
110 329 112 333 ψ
265 267 302 348 18
505 272 897 345 lununnllss
1002 351 1026 362 Η

110 354 208 427 Anno
257 367 319 434 illis
345 363 465 435 mediis.
502 353 539 430 ln
565 386 641 432 cum
667 361 764 432 finem
790 383 901 446 autem
921 346 1046 434 indubii
1070 371 1152 450 colli
1170 373 1177 400 ”
1232 369 1240 384 “

114 459 211 534 ¹567·
256 457 350 524 ducet
383 452 509 523 cellario
550 459 584 522 δε
628 451 788 544 sulpenfio
825 452 1085 544 praedicationum
1115 463 1151 526 δὲ

66 536 237 624 27.·Febr.
257 545 475 616 exercitiorum
514 541 705 635 religionum
731 544 775 610 in
813 541 873 610 lule
910 543 1035 614 civitate
1060 550 1092 612 &
1115 544 1151 612 in

89 655 93 666 ·
203 655 208 666 ’
256 631 497 706 circumvicini&
522 672 535 712 2
563 655 636 722 pro¹
660 633 766 721 aliquo
794 650 977 724 tempore,
1011 631 1069 701 sub
1095 631 1152 702 tali

254 726 435 794 conditione
458 729 490 790 &
515 722 673 792 securitate
695 762 707 800 ,
729 722 827 809 qualis
853 723 884 789 in
912 744 947 790 ea
966 745 999 788 re
1014 721 1148 790 concedi

200 849 201 854 κ
252 816 369 908 poterit
403 835 414 881 τ
450 834 515 899 quo
542 809 636 903 super
662 809 861 904 Orangius‚
897 808 1162 903 Hoogltratanus·
1215 823 1218 829 '

238 911 285 991 f&
314 903 440 972 Senatus
470 903 568 992 parati
595 900 665 970 lunt
691 923 825 992 operam
853 899 940 968 suam
965 901 1170 992 impendero*¹

256 992 350 1085 apud*
381 990 668 1060 Gubernatricem..
702 991 794 1057 Nam
822 987 1009 1058 cellentibus
1033 989 1154 1078 praedi.-

249 1082 425 1151 cationibus
465 1078 601 1148 exhiberi
647 1079 762 1171 poterit
801 1079 910 1170 Regi,
938 1077 1056 1146 necelle
1081 1097 1149 1148 non

40 1247 45 1254 ,
155 1179 157 1182 ’
249 1169 345 1247 elle,
385 1189 420 1239 ut
458 1171 491 1237 in
534 1169 627 1237 caula
662 1167 714 1236 reli
738 1167 819 1237 ionis
860 1167 1013 1258 procedat
1035 1166 1070 1233 vl
1093 1187 1155 1250 aut

182 1271 188 1279 “
248 1261 387 1329 adducat
426 1282 500 1350 pere
523 1259 631 1326 tinum
673 1190 807 1325 militem
833 1283 844 1334 ς
873 1255 927 1326 led
964 1254 1087 1326 tannim
1113 1275 1152 1328 ut.

250 1351 396 1418 adhibeat
419 1279 586 1418 conlrliurn
609 1345 834 1415 conciliorum
860 1351 893 1414 &
920 1343 1067 1414 Statuum
1089 1369 1144 1439 ge-

248 1438 414 1507 neralium.
460 1437 657 1505 conueniret
713 1440 819 1504 autein
851 1477 863 1513 ,
918 1435 1021 1522 inquit
1053 1477 1065 1515 ,
1103 1439 1147 1506 ¹ut

250 1527 457 1620 Religionarii
490 1528 522 1593 in
545 1527 578 1594 id
601 1523 808 1595 consentirent
827 1526 873 1592 ob
907 1524 1039 1592 tationes
1062 1543 1145 1616 praee
1174 1570 1179 1574 -
1266 1573 1269 1580 -

249 1617 414 1708 scriptas,
448 1627 566 1684 attento
606 1617 696 1702 quod
735 1615 807 1682 inde
827 1609 905 1680 nihil
928 1614 1009 1680 novi
1033 1611 1154 1704 statut-v

249 1726 302 1773 tur
340 1707 370 1770 in
407 1705 531 1791 pundo
558 1700 754 1792 religionis,
789 1698 844 1765 sed
870 1695 962 1768 cesset
983 1699 1145 1790 Inquifitio

251 1799 283 1860 δε
303 1793 391 1882 rigor
410 1789 605 1856 'lzdifiiorum
642 1813 655 1867 3
691 1793 723 1854 &
751 1787 970 1856 determinatio
992 1791 1025 1857 in
1052 1795 1143 1862 causa

222 1885 224 1889 '
248 1879 423 1972 Religionis
464 1877 636 1946 reservatur
661 1876 743 1968 Regi
769 1897 843 1946 cutn
867 1875 999 1948 consilio
1021 1877 1143 1950 Conci-

247 1969 368 2037 liorum
410 1973 442 2035 &
466 1965 612 2050 Statuum
638 1965 845 2058 generalium.
890 1965 973 2035 Etfi
999 1969 1144 2064 Religio·

251 2059 328 2126 narii
379 2059 410 2123 in
453 2054 512 2124 hac
551 2058 676 2123 civitate
713 2055 881 2125 admittant
919 2053 1155 2140 colationem„

252 2143 427 2216 causabunt
452 2145 560 2212 omnia
583 2147 671 2212 bona
700 2167 766 2211 non
797 2143 918 2214 tannim
944 2147 1061 2216 civitati
1088 2150 1146 2218 sed·

251 2241 344 2304 etiam
380 2236 438 2302 toti
465 2235 606 2324 patriae3
632 2251 707 2302 eum
734 2233 850 2301 lciatur
873 2234 976 2325 plures
1004 2236 1143 2308 civitatee

249 2325 315 2415 jam
352 2321 520 2392 decreviffe
536 2337 546 2410 j
561 2319 762 2393 cellationem
790 2365 815 2406 ,,
842 2320 864 2389 fi
892 2322 924 2390 id
944 2321 1002 2404 'fiat
1027 2326 1058 2392 in
1081 2327 1143 2398 hac

223 2415 388 2483 'civitate
432 2415 475 2482 Et
513 2409 535 2478 sr
571 2413 624 2481 hic
665 2435 731 2479 non
768 2409 823 2480 liat
852 2453 864 2491 ‚
896 2413 1139 2504 imputabuntur

250 2503 310 2572 illis
336 2503 446 2570 omnia
471 2501 555 2570 mala
577 2502 649 2585 inde
675 2502 789 2589 ubique
803 2501 963 2570 secutura.
1008 2503 1050 2572 Et
1068 2527 1137 2572 cer·

156 2607 160 2618 '
251 2590 430 2662 titillorum
471 2593 573 2682 magis
593 2589 853 2679 quiamraliorum
878 2585 1000 2658 interest
1027 2614 1037 2660 t
1065 2593 1140 2678 quia

252 2679 281 2746 ti·
304 2700 344 2746 eo
379 2676 487 2746 medio
522 2678 906 2771 non-placetut'Rert‘)
942 2679 1018 2746 nihil
1051 2682 1138 2750 aliud

251 2769 412 2860 expediere
453 2775 603 2860 poterunt
629 2810 641 2846 ‚
679 2767 776 2855 quim
797 2763 926 2836 ‘tractari
951 2771 983 2836 in
999 2767 1144 2840 ¹summo.

250 2859 355 2948 rigore
378 2865 409 2926 δε
431 2874 497 2925 non
535 2857 636 2925 audiri
660 2857 691 2924 in
720 2857 812 2926 causa
836 2859 1005 2948 religionis.
1049 2849 1139 2926 Tan·

253 2947 325 3012 dem
353 2943 422 3014 linit
454 2950 560 3014 dicens
593 2971 603 3016 :
634 2947 805 3038 plusquam
832 2943 949 3013 necelle
977 2945 1019 3014 est
1044 2947 1138 3038 super

250 3032 314 3102 hoc
350 3035 459 3100 medio
477 3033 656 3102 ·deliberare
685 3076 695 3112 ,
732 3037 826 3123 idque
851 3037 947 3121 quim
973 3035 1112 3128 primum
1127 3077 1142 3116 ,

215 3204 217 3209 Ι
251 3142 289 3226 ut
331 3123 543 3215 praeveniatur
597 3120 743 3192 disceffus
795 3124 891 3214 Regis
936 3149 974 3193 ex
1018 3121 1144 3218 Hispa?

245 3233 309 3282 tna.

81 3347 177 3402 323„st
193 3347 224 3398 ,ἃ
293 3300 446 3393 Deputati
477 3295 680 3370 sceletiorum
706 3339 719 3381 ‚
755 3296 859 3372 habiti
885 3301 1017 3396 desuper·
1040 3323 1131 3372 com·

53 3413 106 3470 nee
125 3409 222 3462 renon-
250 3393 464 3460 municarione
486 3413 561 3458 cum
583 3392 783 3484 religionariis
806 3435 818 3471 ‚
853 3393 999 3461 dixerunt
1016 3392 1046 3461 se
1060 3391 1137 3462 hac·

55 3475 223 3590 ‹impactu-
250 3483 336 3549 tentis
359 3480 453 3550 aliam
481 3477 735 3550 commilitonem
766 3503 832 3548 non
854 3480 1006 3560 habere,
1038 3483 1137 3571 quim

50 3549 126 3597 ‘²⁰‘
158 3551 206 3592 ω’·
253 3589 287 3637 ut
315 3573 432 3639 senatui
470 3571 500 3639 in
550 3591 684 3636 mentem
724 3571 876 3639 reducant
901 3571 1138 3654 contractus&

246 3659 377 3728 antehac
412 3682 473 3750 pro
498 3657 722 3749 tranquillitate
755 3660 885 3744 ciuitatis
917 3660 1042 3764 peraiia
1065 3683 1075 3729 :
1102 3664 1136 3728 &

534 3766 539 3781 '
950 3782 953 3797 *
1101 3767 1137 3818 ut
