2610 4370
263 333 505 412 Cnsisn'o'
541 337 885 421 barachian„
935 330 1007 428 '189'

151 415 344 528 Capitulum
382 429 432 500 his
468 429 614 524 precibus
635 446 767 501 motum
798 427 903 502 statuit
925 445 1005 502 con-
1067 429 1165 502 Anno

103 517 218 595 sentire
254 523 289 590 in
325 521 546 601 erectionem,
586 519 692 589 modo
725 519 834 590 Patres
851 537 1003 613 accepta·
1074 540 1171 612 1574.

105 635 179 684 rent
200 609 401 684 conditiones
425 608 681 704 praescribendas.
726 607 912 680 Intendebat
931 610 1002 698 qui·
1193 673 1196 680 .
1260 591 1264 618 ¹

107 703 188 774 dem
223 700 414 794 Capitulum
434 708 477 770 els
500 700 676 770 concedere
698 698 791 790 plura
811 698 925 792 privile
948 698 1006 784 ia,
1044 675 1199 804 „ocffgssffi

104 793 163 862 sed
189 813 259 860 non
281 791 427 871 omnia,
458 803 529 877 qua
567 785 794 858 desiderabant.
835 788 911 858 Con
926 789 1010 882 orip-
1026 753 1144 857 haeae.

107 900 155 952 tas
192 881 266 950 lunt
302 879 403 968 itaque
435 877 631 948 conditiones
652 877 757 970 eisque
776 874 850 947 sunt
868 877 1007 957 oblatam

106 969 168 1042 sed
190 971 295 1041 Patres
317 968 513 1039 conditiones
543 967 612 1038 illas
635 990 702 1036 non
727 964 801 1036 satis
819 967 1011 1038 favorabiles
1028 1003 1191 1072 „pamm

109 1057 319 1130 existimantes
343 1099 357 1138 ‚
380 1067 432 1126 eas
448 1061 619 1150 rejecerunt
652 1063 686 1128 δι
712 1054 852 1150 negledld
865 1057 1008 1149 Capituli

108 1149 299 1220 authoritate
341 1191 354 1226 ‚
388 1147 457 1217 sulti
494 1148 682 1224 auetoritat'e
716 1144 1011 1216 Gubernatoris&

107 1239 332 1330 quorumdam
357 1233 498 1322 aliorum
526 1279 539 1318 ‚
563 1259 600 1307 ac
621 1233 772 1308 consensu
805 1256 902 1325 quem
926 1233 1012 1305 obde

110 1347 251 1398 nuerant
286 1329 327 1404 ab
351 1326 556 1420 Episcopo,
589 1325 624 1396 in
646 1326 777 1422 incepto
803 1347 904 1420 opere
930 1345 1012 1416 pto·

109 1415 306 1494 cesserunt,
340 1421 373 1486 ar
411 1417 455 1485 ita
486 1414 698 1486 accelerarunt
734 1455 748 1495 ‚
790 1432 827 1485 ut
859 1412 912 1482 sex
946 1410 1011 1481 ferd

111 1499 278 1575 mensium
304 1505 324 1570 s
342 1503 408 1571 atio
437 1503 514 1572 curi
535 1504 701 1575 D.Fn1as
723 1499 1013 1574 steetit'consum·

113 1612 207 1667 mata
232 1615 300 1686 prae
326 1592 389 1662 ida
408 1589 553 1682 Capella.
582 1591 585 1602 '

162 1681 260 1752 Circh
303 1681 390 1750 idem
423 1696 554 1774 tempus
603 1679 721 1774 Episco
746 1703 782 1752 us
827 1676 984 1752 Sonnrus
997 1719 1010 1760 ‚
1059 1718 1174 1781 ‚mm

112 1789 242 1843 novam
279 1767 488 1850 Ecclesiam,
534 1792 610 1861 qua
657 1794 719 1844 con
764 1768 837 1844 ιιᾶι
871 1789 938 1842 erat
974 1769 1008 1843 ia
1027 1793 1182 1860 camene.

111 1885 208 1932 novo
237 1859 353 1931 Castro
385 1861 419 1929 in
462 1859 575 1943 loco,
614 1861 705 1941 cui,
737 1879 774 1931 ut
794 1855 891 1955 suprb
923 1859 1076 1931 dixi-1¹¹1·

111 1971 226 2031 mus,
261 1972 336 2020 eum
375 1949 407 2019 in
439 1939 538 2019 finem
571 1949 806 2028 benedixerat,
838 1951 935 2024 erexit
973 1951 1009 2019 in

108 2035 287 2111 Ecclesiam
319 2036 540 2110 parochialem
565 2038 635 2112 subi
653 2038 747 2118 ritulo
790 2035 846 2111 38.
866 2037 1009 2132 Philippi
1113 2087 1116 2090 -

110 2136 147 2200 δι
165 2131 321 2214 Jacobi,
354 2129 443 2220 eique
484 2125 633 2202 concelht
670 2129 808 2206 Fontem
837 2129 1011 2224 baptismate

110 2215 178 2288 lem
219 2226 254 2288 &
304 2216 366 2288 alia
400 2218 593 2310 parochialia
628 2216 742 2324 jura,
775 2215 939 2314 designans
979 2218 1009 2288 ei

108 2305 329 2403 parochianos
366 2328 479 2376 omnes
530 2307 740 2379 inhabitantes
773 2303 897 2378 didtum
932 2307 1014 2394 Cas·

111 2415 205 2466 trum
232 2400 315 2476 3'&
360 2392 583 2484 consequenter
626 2393 780 2467 Castrum
818 2395 926 2491 ipsum
962 2394 1016 2465 di·

112 2483 323 2576 membrabat
351 2481 559 2554 rnamenta
595 2475 823 2578 &Georgib
856 2483 914 2564 sub
951 2507 1017 2575 qua

112 2573 208 2645 antea
254 2571 595 2668 comprehendebatur.
649 2571 773 2646 Veniam
820 2573 1014 2660 ereffionem
1150 2571 1160 2594 '

111 2662 200 2734 hanc
235 2669 269 2733 δι
300 2662 588 2734 dimenbrationem
612 2663 728 2736 fecerat
747 2662 776 2734 E
799 2660 930 2759 iscopus
947 2660 1012 2734 stne
1104 2689 1107 2696 ’

112 2751 298 2825 interventu
321 2752 548 2824 Dominomm
574 2752 625 2823 de
659 2683 814 2847 Capitulo
838 2795 851 2833 ,
879 2759 913 2824 dc
944 2777 1013 2838 non

114 2841 308 2915 conservato
344 2841 468 2912 matrici
497 2840 648 2914 Ecclcfiae
670 2841 737 2918 luo,
754 2841 892 2912 honore.
922 2843 1011 2912 Hinc

114 2931 279 3004 contendit
311 2931 505 3024 Capitulum
539 2955 590 3002 eas
620 2931 721 3009 listas
757 2925 850 3000 firilse
901 2933 1013 3003 contth

111 3020 191 3181 isonis
225 3020 374 3092 ordinem
405 3029 439 3093 δι
473 3021 508 3092 io
530 3021 754 3120 prejudicium
789 3019 1012 3116 jurisdictionis
1039 3063 1042 3070 ·

127 3134 191 3184 uae.
721 3145 724 3151 ·

161 3201 350 3293 Capitulum
380 3201 484 3292 itaque
519 3199 631 3274 volens
667 3202 851 3275 conservare
883 3201 938 3276 sua
958 3203 1010 3293 ju-

117 3311 155 3359 ra
177 3295 211 3358 δι
233 3293 521 3382 praeeminentias,
566 3299 599 3364 δε
635 3291 836 3366 considerans
868 3318 905 3364 ea
936 3293 1007 3377 tima
1048 3312 1201 3382 ‚mercatura

116 3380 162 3448 ab
190 3379 355 3473 Episcopo
376 3381 447 3451 tum
478 3381 499 3450 a
528 3381 650 3464 Jesuitis
684 3383 787 3476 sperni
822 3401 875 3454 aut
910 3380 1009 3474 negli·
1024 3381 1202 3497 voeatppupq-

116 3468 187 3629 pi,
227 3465 330 3540 statuit
366 3491 421 3539 cos
456 3471 626 3539 convenire
659 3473 693 3540 in
728 3471 862 3564 judicio.
906 3471 1006 3538 Hunc
1020 3451 1205 3578 ffijffffigfi

130 3581 152 3625 n
177 3552 277 3628 finem
300 3561 430 3629 recurrit
454 3559 496 3626 ad
522 3561 676 3631 Abbatem
697 3561 728 3634 S.
753 3557 919 3632 Gertrudis
938 3557 1011 3628 Lo·
1196 3568 1204 3586 '

121 3646 244 3729 vanii,
276 3647 336 3738 qui
364 3663 429 3716 erat
454 3647 638 3720 authoritate
664 3645 840 3744 apostolicd
866 3651 899 3716 δι
925 3644 1011 3739 regib

119 3729 213 3814 lodix
254 3741 294 3840 4&
339 3735 559 3811 Conservator
610 3741 775 3834 bonorum
820 3739 854 3805 &
877 3733 1019 3896 guripurrp·

909 3840 974 3918 apn
1008 3849 1021 3902 ι
