2556 4374
96 85 105 154 l

180 349 184 358 .
244 287 803 362 cartennensem-e·
901 293 978 385 '²39-

109 375 240 454 lntetitti
285 405 358 452 cum
398 379 462 485 jam
508 381 622 450 milites
658 379 782 473 hispani
823 378 969 452 declarari
1030 375 1130 452 Antio

65 469 167 541 allent
202 470 307 541 hostes
328 489 436 563 patriar
461 476 494 539 &
518 471 639 540 bellum
675 484 817 562 ageretur
842 471 882 538 ad
912 494 970 540 eos
1035 475 1135 560 1'5’7'6.

68 558 86 629 d
118 561 225 656 belgio
262 561 458 652 pellendos,
495 557 681 645 suipedum
715 558 775 646 elle
801 559 970 666 incipiebat

66 651 230 738 quidquid
264 649 352 719 fieret
387 652 427 719 ab
459 648 644 719 hominibus
671 687 684 726 2
722 650 836 738 quibus
866 650 907 719 alr
1028 623 1162 676 tumultu

931 669 973 762 [ᾖα
990 687 1165 755 apudJeluitu

67 740 274 810 conluetudo
306 741 408 809 fuerat
427 762 501 808 cum
532 735 696 831 Hispanis.
740 741 891 828 Cumque
908 673 972 810 luc

66 828 204 911 Jeluitae
233 829 396 921 praecipui
408 829 669 899 consuetudinem
695 827 855 986 cumiffifis
873 827 979 898 habu·

72 915 204 997 illem,
238 918 378 988 maxime
415 921 448 988 in
488 918 651 988 audiendis
692 920 785 986 confe
811 918 975 997 mnibus,

70 1007 221 1099 populus
245 1011 340 1078 etiam
368 1006 505 1078 maxime
533 1006 645 1076 contrd
672 1005 683 1074 i
708 1005 757 1075 sos
770 1007 976 1085 incitabatur,

69 1101 106 1164 δι
137 1093 270 1190 peffima
297 1095 370 1188 ipfis
392 1094 629 1190 effingebantur.
676 1029 978 1188 tlinczeseptem-

71 1185 138 1256 bris
161 1207 361 1258 concurratur
388 1188 528 1272 undique
553 1186 593 1252 a'd
625 1184 785 1266 jesuitae,
817 1185 979 1253 minantur

70 1270 240 1368 effringere
279 1281 395 1356 fores,
428 1272 485 1344 nist
523 1274 660 1346 celeriter
698 1293 803 1368 pateat
837 1275 939 1343 aditus
966 1290 979 1344 2

71 1364 362 1452 contiuudruntque
401 1367 519 1433 ibidem
542 1379 600 1454 pet
617 1383 678 1433 tres
713 1363 809 1432 horas
833 1364 852 1430 d
880 1384 977 1454 pran-

72 1451 148 1520 dio.
192 1453 334 1522 Mittitur
372 1453 512 1520 militum
537 1451 654 1520 cohors
691 1453 733 1520 ad
767 1452 893 1522 turbam
929 1443 977 1519 le-

72 1539 252 1620 dandam,
291 1539 344 1608 sed
367 1539 489 1609 frustri.
533 1536 680 1606 Tandem
716 1541 804 1609 venit
825 1539 981 1611 comoda

74 1629 243 1722 Everssein
268 1652 344 1700 cum
369 1630 495 1718 aliquot
518 1627 658 1697 militum
683 1626 773 1722 lignis
798 1635 830 1699 δι
851 1627 983 1700 Guber-
1039 1641 1044 1646 '

74 1739 192 1788 narore
223 1721 311 1788 urbis
348 1738 440 1807 atque
479 1717 704 1810 Markgravio.
747 1719 794 1788 Hi
832 1721 980 1790 furibun-

76 1807 161 1876 dum
188 1811 304 1902 vulgus
319 1807 546 1902 propulsant,
582 1808 765 1902 Collegium
796 1807 981 1903 ingrediun-

75 1913 171 1975 tur,
208 1899 362 1988 fallbsque
390 1897 450 1968 effe
474 1920 658 1974 rumores,
694 1900 749 1987 qui
784 1897 824 1966 de
858 1897 980 1981 Iesuitis

73 1987 318 2147 fereznturdozn
330 1988 545 2080 comperiunt.
586 1987 706 2080 Papeb.
739 1989 866 2060 Annal.
887 1994 981 2059 Mss.

78 2097 119 2144 ex
183 2105 228 2146 r.
319 2103 367 2146 e.

123 2163 174 2232 Ex
190 2074 306 2236 {ladem
326 2076 487 2244 ssistotia,
507 2165 577 2240 ltaec
603 2170 711 2241 refert.
753 2167 829 2237 Post
854 2187 976 2261 paucos
1025 2166 1174 2230 narnatin-
1265 2173 1266 2176 ’

75 2252 146 2322 dies
170 2253 248 2322 alius
272 2253 383 2323 invasit
404 2256 531 2344 plebem
561 2260 663 2324 furor.
707 2255 887 2345 Sparserant
906 2279 979 2324 ma·
996 2253 1173 2359 ffi‘ffc‘ffi·

76 2340 181 2411 levoli
212 2341 344 2430 quidam
381 2343 414 2410 in
453 2343 604 2434 vulgus,
655 2342 720 2411 uni
756 2343 853 2414 node
891 2345 976 2415 cives
995 2365 1084 2419 atticis.
1111 2324 1148 2358 Ν

77 2451 195 2498 omnes
221 2427 283 2498 elle
296 2428 500 2498 trucidandos
521 2427 620 2521 operi
633 2449 762 2522 patrum
790 2429 953 2501 Societatis
963 2475 978 2510 ,

78 2519 367 2607 Franciscanorum
404 2519 605 2606 aliorumque
662 2519 978 2592 ecclesiasticorum:

80 2610 137 2678 cui
160 2610 281 2677 rumori
307 2627 430 2678 tantum
463 2603 535 2676 fidei
559 2608 621 2676 fuir
654 2607 673 2677 d
699 2608 852 2701 pletilque
881 2611 983 2679 tribu-

73 2715 188 2778 ·tutn,
213 2717 249 2767 ut
273 2698 332 2768 sub
357 2699 519 2790 vesperam
555 2698 685 2777 noblis,
719 2701 979 2792 quae·patrando

80 2788 217 2856 facinori
246 2788 409 2857 dicebatur
446 2787 627 2866 destinata,
660 2787 748 2856 facile
783 2789 834 2858 lex
879 2789 978 2858 millia

83 2874 259 2945 hominum
292 2877 418 2968 oppido
462 2874 672 2951 excellerint‚
703 2879 981 3036 gernodaverint-

82 2988 147 3054 que
181 2968 241 3035 iub
280 2966 356 3049 iore
377 2966 527 3058 frigido,
564 2967 702 3037 veritin
745 3010 757 3046 ,
797 2965 873 3036 liin
899 2969 978 3037 civi·

81 3071 144 3124 tate
169 3054 220 3130 ed.
237 3057 333 3126 nodie
366 3053 546 3127 manliffent
580 3097 592 3136 ,
636 3071 748 3126 omnes
786 3078 978 3130 necarentur.
1022 3059 1028 3075 ’

83 3143 199 3232 Neque
228 3145 331 3214 solim
358 3146 577 3236 Antverpiae‘,
609 3144 781 3215 sedetiam
804 3167 979 3236 pectorum

85 3234 232 3326 Belgium
258 3234 360 3326 sparsa
384 3234 428 3303 ell
460 3238 582 3315 fama,
614 3240 646 3304 in
684 3237 832 3331 Collegio
873 3237 981 3307 Socie·
1048 3271 1058 3290 ·

85 3322 156 3392 ratis
189 3319 263 3403 Jesu
299 3323 385 3391 cillas
433 3325 637 3408 deprehensas
671 3329 794 3397 refertas
834 3324 899 3397 sicis
948 3331 982 3394 dt

87 3411 329 3490 mucronibus,
361 3435 437 3498 quas
455 3413 555 3478 invidi
580 3413 612 3478 in
637 3413 723 3483 hunc
757 3412 855 3483 finem
889 3437 983 3504 para·

90 3516 236 3576 verant,
273 3516 309 3568 ut
332 3501 374 3567 eis
410 3498 535 3567 ostenlis
569 3500 701 3572 Clerum
738 3505 929 3572 adducerent
950 3503 983 3570 in

27 3649 30 3655 .
89 3587 249 3663 invidiam·
270 3627 285 3669 2
309 3586 482 3670 ‚alletendo
517 3609 572 3658 eos
599 3591 683 3682 iplos
707 3594 863 3686 pugiones
892 3587 985 3672 elle,

876 3770 994 3862 quibus
